<?xml version="1.0" encoding="UTF-8"?>
<!DOCTYPE html PUBLIC "-//W3C//DTD XHTML 1.0 Transitional//EN"
    "http://www.w3.org/TR/xhtml1/DTD/xhtml1-transitional.dtd">
<html xmlns="http://www.w3.org/1999/xhtml" xml:lang="en" lang="en">
 <head>
  <title>
</title>
<meta http-equiv="Content-Type" content="text/html;charset=utf-8" />
  <meta name='ocr-system' content='tesseract 3.04.00' />
  <meta name='ocr-capabilities' content='ocr_page ocr_carea ocr_par ocr_line ocrx_word'/>
</head>
<body>
  <div class='ocr_page' id='page_1' title='image "./djuniijuvenalis07persgoog_0018.png"; bbox 0 0 2966 4492; ppageno 0'>
   <div class='ocr_carea' id='block_1_1' title="bbox 434 834 2834 938">
    <p class='ocr_par' dir='ltr' id='par_1_1' title="bbox 434 834 2834 938">
     <span class='ocr_line' id='line_1_1' title="bbox 434 834 2834 938; baseline -0.001 -25"><span class='ocrx_word' id='word_1_1' title='bbox 434 848 443 854; x_wconf 69' lang='grc'><em>’</em></span> <span class='ocrx_word' id='word_1_2' title='bbox 540 892 543 895; x_wconf 40' lang='lat'>1</span> <span class='ocrx_word' id='word_1_3' title='bbox 617 842 901 925; x_wconf 83' lang='lat' dir='ltr'>tandum,</span> <span class='ocrx_word' id='word_1_4' title='bbox 946 846 1010 914; x_wconf 91' lang='lat' dir='ltr'>in</span> <span class='ocrx_word' id='word_1_5' title='bbox 1055 846 1320 937; x_wconf 85' lang='lat' dir='ltr'>antiquis</span> <span class='ocrx_word' id='word_1_6' title='bbox 1360 839 1723 913; x_wconf 80' lang='lat' dir='ltr'>membranis</span> <span class='ocrx_word' id='word_1_7' title='bbox 1769 835 1908 907; x_wconf 76' lang='lat' dir='ltr'>fine</span> <span class='ocrx_word' id='word_1_8' title='bbox 1952 837 2069 908; x_wconf 89' lang='lat' dir='ltr'>ulla</span> <span class='ocrx_word' id='word_1_9' title='bbox 2105 834 2503 911; x_wconf 72' lang='lat' dir='ltr'>distinffione</span> <span class='ocrx_word' id='word_1_10' title='bbox 2541 840 2834 938; x_wconf 86' lang='lat' dir='ltr'>aliquand</span> 
     </span>
    </p>
   </div>
   <div class='ocr_carea' id='block_1_2' title="bbox 618 50 2860 650">
    <p class='ocr_par' dir='ltr' id='par_1_2' title="bbox 618 50 2860 650">
     <span class='ocr_line' id='line_1_2' title="bbox 832 50 2700 225; baseline -0.003 -42"><span class='ocrx_word' id='word_1_11' title='bbox 832 51 982 186; x_wconf 87' lang='lat' dir='ltr'>D.</span> <span class='ocrx_word' id='word_1_12' title='bbox 1050 63 1369 225; x_wconf 70' lang='lat' dir='ltr'>Juniz&#39;</span> <span class='ocrx_word' id='word_1_13' title='bbox 1436 55 2021 224; x_wconf 79' lang='lat' dir='ltr'>Juvenalis</span> <span class='ocrx_word' id='word_1_14' title='bbox 2080 51 2224 184; x_wconf 88' lang='lat' dir='ltr'><em>V</em></span> <span class='ocrx_word' id='word_1_15' title='bbox 2255 50 2335 176; x_wconf 91' lang='lat' dir='ltr'><em>I</em></span> <span class='ocrx_word' id='word_1_16' title='bbox 2382 57 2700 183; x_wconf 81' lang='lat' dir='ltr'><em>TA.·</em></span> 
     </span>
     <span class='ocr_line' id='line_1_3' title="bbox 625 250 2808 361; baseline -0.003 -19"><span class='ocrx_word' id='word_1_17' title='bbox 625 271 900 342; x_wconf 87' lang='lat' dir='ltr'>Neronis</span> <span class='ocrx_word' id='word_1_18' title='bbox 949 268 1190 339; x_wconf 80' lang='lat' dir='ltr'>circiter</span> <span class='ocrx_word' id='word_1_19' title='bbox 1230 250 1478 348; x_wconf 70' lang='grc' dir='ltr'>οξὶεινο,</span> <span class='ocrx_word' id='word_1_20' title='bbox 1534 260 1846 360; x_wconf 79' lang='lat' dir='ltr'>quicquid</span> <span class='ocrx_word' id='word_1_21' title='bbox 1913 261 2012 332; x_wconf 86' lang='lat' dir='ltr'>alii</span> <span class='ocrx_word' id='word_1_22' title='bbox 2068 260 2294 338; x_wconf 83' lang='lat' dir='ltr'>dicant,</span> <span class='ocrx_word' id='word_1_23' title='bbox 2357 254 2612 361; x_wconf 82' lang='lat' dir='ltr'>ipseque</span> <span class='ocrx_word' id='word_1_24' title='bbox 2645 265 2808 337; x_wconf 85' lang='lat' dir='ltr'>Hier</span> 
     </span>
     <span class='ocr_line' id='line_1_4' title="bbox 621 356 2860 461; baseline -0.003 -25"><span class='ocrx_word' id='word_1_25' title='bbox 621 391 810 460; x_wconf 85' lang='lat' dir='ltr'>nym.</span> <span class='ocrx_word' id='word_1_26' title='bbox 873 363 1048 460; x_wconf 89' lang='lat' dir='ltr'>quod</span> <span class='ocrx_word' id='word_1_27' title='bbox 1095 369 1352 461; x_wconf 83' lang='lat' dir='ltr'>egregie,</span> <span class='ocrx_word' id='word_1_28' title='bbox 1414 386 1485 434; x_wconf 92' lang='lat' dir='ltr'>ut</span> <span class='ocrx_word' id='word_1_29' title='bbox 1543 364 1778 438; x_wconf 85' lang='lat' dir='ltr'>omnia,</span> <span class='ocrx_word' id='word_1_30' title='bbox 1841 356 2229 431; x_wconf 82' lang='lat' dir='ltr'>Casaubonus</span> <span class='ocrx_word' id='word_1_31' title='bbox 2286 362 2579 456; x_wconf 80' lang='lat' dir='ltr'>observat.</span> <span class='ocrx_word' id='word_1_32' title='bbox 2676 361 2860 457; x_wconf 74' lang='lat' dir='ltr'>Fuifi·</span> 
     </span>
     <span class='ocr_line' id='line_1_5' title="bbox 618 454 2834 554; baseline -0.002 -22"><span class='ocrx_word' id='word_1_33' title='bbox 618 486 822 535; x_wconf 87' lang='lat' dir='ltr'>revera</span> <span class='ocrx_word' id='word_1_34' title='bbox 858 459 1152 538; x_wconf 82' lang='lat' dir='ltr'>Perfium,</span> <span class='ocrx_word' id='word_1_35' title='bbox 1227 484 1295 532; x_wconf 92' lang='lat' dir='ltr'>ut</span> <span class='ocrx_word' id='word_1_36' title='bbox 1338 461 1571 530; x_wconf 89' lang='lat' dir='ltr'>Probus</span> <span class='ocrx_word' id='word_1_37' title='bbox 1607 458 1815 534; x_wconf 85' lang='lat' dir='ltr'>refert,</span> <span class='ocrx_word' id='word_1_38' title='bbox 1885 454 2247 525; x_wconf 85' lang='lat' dir='ltr'>verecundia</span> <span class='ocrx_word' id='word_1_39' title='bbox 2296 459 2607 554; x_wconf 85' lang='lat' dir='ltr'>virginali,</span> <span class='ocrx_word' id='word_1_40' title='bbox 2668 457 2834 528; x_wconf 85' lang='lat' dir='ltr'>anim</span> 
     </span>
     <span class='ocr_line' id='line_1_6' title="bbox 621 551 2804 650; baseline -0.001 -23"><span class='ocrx_word' id='word_1_41' title='bbox 621 556 878 633; x_wconf 85' lang='lat' dir='ltr'>fincero‚</span> <span class='ocrx_word' id='word_1_42' title='bbox 927 556 1188 647; x_wconf 89' lang='lat' dir='ltr'>impense</span> <span class='ocrx_word' id='word_1_43' title='bbox 1225 555 1493 636; x_wconf 91' lang='lat' dir='ltr'>erudit0,</span> <span class='ocrx_word' id='word_1_44' title='bbox 1537 556 1657 624; x_wconf 89' lang='lat' dir='ltr'>acri</span> <span class='ocrx_word' id='word_1_45' title='bbox 1711 570 1873 621; x_wconf 87' lang='lat' dir='ltr'>certe</span> <span class='ocrx_word' id='word_1_46' title='bbox 1913 555 1981 637; x_wconf 82' lang='lat'>&amp;</span> <span class='ocrx_word' id='word_1_47' title='bbox 2027 551 2321 621; x_wconf 88' lang='lat' dir='ltr'>vitiorum</span> <span class='ocrx_word' id='word_1_48' title='bbox 2362 554 2745 650; x_wconf 86' lang='lat' dir='ltr'>impatienti,</span> <span class='ocrx_word' id='word_1_49' title='bbox 2801 570 2804 573; x_wconf 77' lang='grc'>’</span> 
     </span>
    </p>
   </div>
   <div class='ocr_carea' id='block_1_3' title="bbox 617 642 2845 839">
    <p class='ocr_par' dir='ltr' id='par_1_3' title="bbox 617 642 2845 839">
     <span class='ocr_line' id='line_1_7' title="bbox 617 642 2845 742; baseline -0.004 -19"><span class='ocrx_word' id='word_1_50' title='bbox 617 655 852 741; x_wconf 81' lang='lat' dir='ltr'>Lucilii</span> <span class='ocrx_word' id='word_1_51' title='bbox 893 659 960 722; x_wconf 90' lang='lat'>&amp;</span> <span class='ocrx_word' id='word_1_52' title='bbox 1004 654 1252 723; x_wconf 82' lang='lat' dir='ltr'>Horatii</span> <span class='ocrx_word' id='word_1_53' title='bbox 1280 653 1672 721; x_wconf 88' lang='lat' dir='ltr'>·imitatorem</span> <span class='ocrx_word' id='word_1_54' title='bbox 1710 642 2039 731; x_wconf 78' lang='lat' dir='ltr'>affiduurn,</span> <span class='ocrx_word' id='word_1_55' title='bbox 2087 644 2341 739; x_wconf 89' lang='lat' dir='ltr'>probant</span> <span class='ocrx_word' id='word_1_56' title='bbox 2375 651 2522 721; x_wconf 84' lang='lat' dir='ltr'>satis</span> <span class='ocrx_word' id='word_1_57' title='bbox 2548 650 2684 742; x_wconf 81' lang='lat' dir='ltr'>ejus</span> <span class='ocrx_word' id='word_1_58' title='bbox 2722 650 2845 721; x_wconf 87' lang='lat' dir='ltr'>Sati</span> 
     </span>
     <span class='ocr_line' id='line_1_8' title="bbox 623 741 2806 839; baseline -0.002 -21"><span class='ocrx_word' id='word_1_59' title='bbox 623 774 708 829; x_wconf 77' lang='lat' dir='ltr'>rae</span> <span class='ocrx_word' id='word_1_60' title='bbox 745 748 1024 820; x_wconf 58' lang='lat' dir='ltr'>doctrina</span> <span class='ocrx_word' id='word_1_61' title='bbox 1059 746 1292 819; x_wconf 81' lang='lat' dir='ltr'>refertae</span> <span class='ocrx_word' id='word_1_62' title='bbox 1328 754 1393 817; x_wconf 88' lang='lat'>&amp;</span> <span class='ocrx_word' id='word_1_63' title='bbox 1438 751 1647 816; x_wconf 88' lang='lat' dir='ltr'>Stoam</span> <span class='ocrx_word' id='word_1_64' title='bbox 1700 741 2029 838; x_wconf 84' lang='lat' dir='ltr'>Sapientes.</span> <span class='ocrx_word' id='word_1_65' title='bbox 2123 743 2230 812; x_wconf 92' lang='lat' dir='ltr'>De</span> <span class='ocrx_word' id='word_1_66' title='bbox 2266 741 2362 814; x_wconf 80' lang='lat' dir='ltr'>his</span> <span class='ocrx_word' id='word_1_67' title='bbox 2405 769 2600 839; x_wconf 91' lang='lat' dir='ltr'>porro</span> <span class='ocrx_word' id='word_1_68' title='bbox 2647 746 2722 817; x_wconf 87' lang='lat' dir='ltr'>id</span> <span class='ocrx_word' id='word_1_69' title='bbox 2764 770 2806 814; x_wconf 89' lang='lat' dir='ltr'>n</span> 
     </span>
    </p>
   </div>
   <div class='ocr_carea' id='block_1_4' title="bbox 569 932 2864 2738">
    <p class='ocr_par' dir='ltr' id='par_1_4' title="bbox 583 932 2864 1702">
     <span class='ocr_line' id='line_1_9' title="bbox 583 932 2827 1035; baseline -0 -25"><span class='ocrx_word' id='word_1_70' title='bbox 583 941 887 1035; x_wconf 83' lang='lat' dir='ltr'>&#39;reperiri,</span> <span class='ocrx_word' id='word_1_71' title='bbox 932 937 1104 1033; x_wconf 81' lang='lat' dir='ltr'>quafi</span> <span class='ocrx_word' id='word_1_72' title='bbox 1149 940 1296 1011; x_wconf 89' lang='lat' dir='ltr'>liber</span> <span class='ocrx_word' id='word_1_73' title='bbox 1344 936 1485 1008; x_wconf 71' lang='lat' dir='ltr'>ess‘et</span> <span class='ocrx_word' id='word_1_74' title='bbox 1535 962 1692 1008; x_wconf 91' lang='lat' dir='ltr'>unus</span> <span class='ocrx_word' id='word_1_75' title='bbox 1737 940 1807 1003; x_wconf 76' lang='grc' dir='ltr'>δε</span> <span class='ocrx_word' id='word_1_76' title='bbox 1843 932 2220 1013; x_wconf 84' lang='lat' dir='ltr'>continuus,</span> <span class='ocrx_word' id='word_1_77' title='bbox 2278 936 2459 1030; x_wconf 92' lang='lat' dir='ltr'>quod</span> <span class='ocrx_word' id='word_1_78' title='bbox 2525 944 2599 1007; x_wconf 88' lang='lat'>&amp;</span> <span class='ocrx_word' id='word_1_79' title='bbox 2662 963 2827 1034; x_wconf 88' lang='lat' dir='ltr'>agno</span> 
     </span>
     <span class='ocr_line' id='line_1_10' title="bbox 618 1026 2864 1126; baseline 0 -22"><span class='ocrx_word' id='word_1_80' title='bbox 618 1058 773 1106; x_wconf 90' lang='lat' dir='ltr'>cunt</span> <span class='ocrx_word' id='word_1_81' title='bbox 815 1035 1164 1116; x_wconf 82' lang='lat' dir='ltr'>Priscianus,</span> <span class='ocrx_word' id='word_1_82' title='bbox 1208 1035 1649 1126; x_wconf 79' lang='lat' dir='ltr'>Quintilianus,</span> <span class='ocrx_word' id='word_1_83' title='bbox 1690 1031 1940 1125; x_wconf 69' lang='lat' dir='ltr'>aliique,</span> <span class='ocrx_word' id='word_1_84' title='bbox 1987 1026 2139 1098; x_wconf 82' lang='lat' dir='ltr'>dum</span> <span class='ocrx_word' id='word_1_85' title='bbox 2187 1052 2316 1123; x_wconf 73' lang='lat'>‚1¹0⁰</span> <span class='ocrx_word' id='word_1_86' title='bbox 2351 1033 2622 1126; x_wconf 87' lang='lat' dir='ltr'>quidem</span> <span class='ocrx_word' id='word_1_87' title='bbox 2667 1036 2795 1104; x_wconf 88' lang='lat' dir='ltr'>Sati</span> <span class='ocrx_word' id='word_1_88' title='bbox 2857 1046 2864 1053; x_wconf 84' lang='grc'><em>“</em></span> 
     </span>
     <span class='ocr_line' id='line_1_11' title="bbox 619 1121 2843 1225; baseline 0 -25"><span class='ocrx_word' id='word_1_89' title='bbox 619 1128 833 1221; x_wconf 66' lang='lat' dir='ltr'>IJerfii,</span> <span class='ocrx_word' id='word_1_90' title='bbox 878 1128 979 1201; x_wconf 87' lang='lat' dir='ltr'>sed</span> <span class='ocrx_word' id='word_1_91' title='bbox 1003 1131 1226 1201; x_wconf 89' lang='lat' dir='ltr'>librum</span> <span class='ocrx_word' id='word_1_92' title='bbox 1261 1131 1578 1225; x_wconf 85' lang='lat' dir='ltr'>appellant.</span> <span class='ocrx_word' id='word_1_93' title='bbox 1670 1133 1749 1197; x_wconf 90' lang='lat' dir='ltr'>In</span> <span class='ocrx_word' id='word_1_94' title='bbox 1798 1121 2160 1219; x_wconf 87' lang='lat' dir='ltr'>quibusdam</span> <span class='ocrx_word' id='word_1_95' title='bbox 2190 1144 2416 1206; x_wconf 84' lang='lat' dir='ltr'>tamen,</span> <span class='ocrx_word' id='word_1_96' title='bbox 2463 1131 2679 1202; x_wconf 83' lang='lat' dir='ltr'>Satirae</span> <span class='ocrx_word' id='word_1_97' title='bbox 2709 1130 2843 1203; x_wconf 89' lang='lat' dir='ltr'>dun</span> 
     </span>
     <span class='ocr_line' id='line_1_12' title="bbox 617 1216 2844 1322; baseline 0 -28"><span class='ocrx_word' id='word_1_98' title='bbox 617 1247 786 1297; x_wconf 77' lang='lat' dir='ltr'>taxat</span> <span class='ocrx_word' id='word_1_99' title='bbox 825 1227 1105 1320; x_wconf 89' lang='lat' dir='ltr'>quinque</span> <span class='ocrx_word' id='word_1_100' title='bbox 1145 1248 1552 1311; x_wconf 81' lang='lat' dir='ltr'>numerantur,</span> <span class='ocrx_word' id='word_1_101' title='bbox 1598 1243 1810 1317; x_wconf 86' lang='lat' dir='ltr'>quarta</span> <span class='ocrx_word' id='word_1_102' title='bbox 1860 1216 1935 1288; x_wconf 89' lang='lat' dir='ltr'>ad</span> <span class='ocrx_word' id='word_1_103' title='bbox 1982 1219 2219 1290; x_wconf 86' lang='lat' dir='ltr'>tertiam</span> <span class='ocrx_word' id='word_1_104' title='bbox 2263 1222 2575 1315; x_wconf 65' lang='lat' dir='ltr'>adjuncta.</span> <span class='ocrx_word' id='word_1_105' title='bbox 2671 1227 2844 1322; x_wconf 85' lang='lat' dir='ltr'>Scrip</span> 
     </span>
     <span class='ocr_line' id='line_1_13' title="bbox 614 1313 2763 1415; baseline 0.003 -23"><span class='ocrx_word' id='word_1_106' title='bbox 614 1320 1042 1415; x_wconf 77' lang='lat' dir='ltr'>seratjuvenis,</span> <span class='ocrx_word' id='word_1_107' title='bbox 1090 1324 1404 1415; x_wconf 91' lang='lat' dir='ltr'>inquiunt,</span> <span class='ocrx_word' id='word_1_108' title='bbox 1452 1329 1811 1391; x_wconf 83' lang='lat' dir='ltr'>Praetextam</span> <span class='ocrx_word' id='word_1_109' title='bbox 1840 1313 2129 1395; x_wconf 88' lang='lat' dir='ltr'>fabulam,</span> <span class='ocrx_word' id='word_1_110' title='bbox 2197 1321 2584 1403; x_wconf 69' lang='grc' dir='ltr'>ιῗΔὺιπυεικὲἷν,</span> <span class='ocrx_word' id='word_1_111' title='bbox 2648 1321 2763 1392; x_wconf 82' lang='lat' dir='ltr'>libr</span> 
     </span>
     <span class='ocr_line' id='line_1_14' title="bbox 615 1408 2781 1511; baseline 0 -23"><span class='ocrx_word' id='word_1_112' title='bbox 615 1442 839 1496; x_wconf 90' lang='lat' dir='ltr'>unum,</span> <span class='ocrx_word' id='word_1_113' title='bbox 885 1422 951 1487; x_wconf 86' lang='lat'>&amp;</span> <span class='ocrx_word' id='word_1_114' title='bbox 994 1419 1100 1488; x_wconf 90' lang='lat' dir='ltr'>alia</span> <span class='ocrx_word' id='word_1_115' title='bbox 1132 1419 1455 1511; x_wconf 82' lang='lat' dir='ltr'>quaepiam,</span> <span class='ocrx_word' id='word_1_116' title='bbox 1507 1436 1581 1488; x_wconf 92' lang='lat' dir='ltr'>ut</span> <span class='ocrx_word' id='word_1_117' title='bbox 1608 1417 1776 1486; x_wconf 89' lang='lat' dir='ltr'>aiunt</span> <span class='ocrx_word' id='word_1_118' title='bbox 1810 1431 2031 1481; x_wconf 87' lang='lat' dir='ltr'>veteres</span> <span class='ocrx_word' id='word_1_119' title='bbox 2050 1408 2322 1487; x_wconf 82' lang='lat' dir='ltr'>Gl&#39;offae:</span> <span class='ocrx_word' id='word_1_120' title='bbox 2372 1416 2479 1488; x_wconf 86' lang='lat' dir='ltr'>sed</span> <span class='ocrx_word' id='word_1_121' title='bbox 2506 1417 2781 1489; x_wconf 90' lang='lat' dir='ltr'>abolevit</span> 
     </span>
     <span class='ocr_line' id='line_1_15' title="bbox 614 1510 2846 1607; baseline 0 -24"><span class='ocrx_word' id='word_1_122' title='bbox 614 1515 830 1584; x_wconf 83' lang='lat' dir='ltr'>Fulvia</span> <span class='ocrx_word' id='word_1_123' title='bbox 865 1535 1075 1594; x_wconf 85' lang='lat' dir='ltr'>mater,</span> <span class='ocrx_word' id='word_1_124' title='bbox 1123 1538 1199 1584; x_wconf 87' lang='lat' dir='ltr'>ex</span> <span class='ocrx_word' id='word_1_125' title='bbox 1244 1510 1503 1583; x_wconf 82' lang='lat' dir='ltr'>confilio</span> <span class='ocrx_word' id='word_1_126' title='bbox 1532 1513 1806 1583; x_wconf 86' lang='lat' dir='ltr'>Cornuti</span> <span class='ocrx_word' id='word_1_127' title='bbox 1850 1510 2263 1602; x_wconf 77' lang='lat' dir='ltr'>Praeceptoris,</span> <span class='ocrx_word' id='word_1_128' title='bbox 2326 1513 2448 1607; x_wconf 85' lang='lat' dir='ltr'>qui</span> <span class='ocrx_word' id='word_1_129' title='bbox 2485 1513 2678 1587; x_wconf 85' lang='lat' dir='ltr'>etiam</span> <span class='ocrx_word' id='word_1_130' title='bbox 2723 1515 2846 1584; x_wconf 85' lang='lat' dir='ltr'>Sati</span> 
     </span>
     <span class='ocr_line' id='line_1_16' title="bbox 620 1604 2171 1702; baseline -0.004 -22"><span class='ocrx_word' id='word_1_131' title='bbox 620 1633 737 1690; x_wconf 83' lang='lat' dir='ltr'>ras,</span> <span class='ocrx_word' id='word_1_132' title='bbox 782 1629 1102 1702; x_wconf 88' lang='lat' dir='ltr'>antequam</span> <span class='ocrx_word' id='word_1_133' title='bbox 1153 1607 1486 1687; x_wconf 82' lang='lat' dir='ltr'>ederentur,</span> <span class='ocrx_word' id='word_1_134' title='bbox 1537 1607 1847 1678; x_wconf 86' lang='lat' dir='ltr'>recensuit.</span> <span class='ocrx_word' id='word_1_135' title='bbox 2167 1604 2171 1609; x_wconf 49' lang='lat'><strong>⁴</strong></span> 
     </span>
    </p>

    <p class='ocr_par' dir='ltr' id='par_1_5' title="bbox 569 1700 2846 2738">
     <span class='ocr_line' id='line_1_17' title="bbox 711 1700 2839 1803; baseline 0 -27"><span class='ocrx_word' id='word_1_136' title='bbox 711 1710 1008 1791; x_wconf 83' lang='lat' dir='ltr'>Ceterum</span> <span class='ocrx_word' id='word_1_137' title='bbox 1041 1729 1389 1799; x_wconf 87' lang='lat' dir='ltr'>quanquam</span> <span class='ocrx_word' id='word_1_138' title='bbox 1428 1701 1673 1803; x_wconf 75' lang='lat' dir='ltr'>videtur</span> <span class='ocrx_word' id='word_1_139' title='bbox 1732 1702 1969 1778; x_wconf 84' lang='lat' dir='ltr'>Perfius</span> <span class='ocrx_word' id='word_1_140' title='bbox 2016 1700 2274 1775; x_wconf 86' lang='lat' dir='ltr'>noluiffe</span> <span class='ocrx_word' id='word_1_141' title='bbox 2309 1700 2507 1775; x_wconf 89' lang='lat' dir='ltr'>intelli</span> <span class='ocrx_word' id='word_1_142' title='bbox 2562 1704 2609 1786; x_wconf 83' lang='lat' dir='ltr'>i,</span> <span class='ocrx_word' id='word_1_143' title='bbox 2688 1724 2839 1798; x_wconf 88' lang='lat' dir='ltr'>atqu</span> 
     </span>
     <span class='ocr_line' id='line_1_18' title="bbox 614 1797 2843 1898; baseline -0 -27"><span class='ocrx_word' id='word_1_144' title='bbox 614 1798 770 1871; x_wconf 89' lang='lat' dir='ltr'>adeo</span> <span class='ocrx_word' id='word_1_145' title='bbox 807 1798 1023 1871; x_wconf 89' lang='lat' dir='ltr'>debere</span> <span class='ocrx_word' id='word_1_146' title='bbox 1065 1799 1314 1896; x_wconf 82' lang='lat' dir='ltr'>negligi,</span> <span class='ocrx_word' id='word_1_147' title='bbox 1362 1818 1434 1869; x_wconf 91' lang='lat' dir='ltr'>ut</span> <span class='ocrx_word' id='word_1_148' title='bbox 1468 1799 1662 1895; x_wconf 46' lang='lat' dir='ltr'>aiebat·</span> <span class='ocrx_word' id='word_1_149' title='bbox 1689 1798 1784 1866; x_wconf 91' lang='lat' dir='ltr'>D.</span> <span class='ocrx_word' id='word_1_150' title='bbox 1814 1797 2206 1879; x_wconf 72' lang='lat' dir='ltr'>AmbrofiuS,</span> <span class='ocrx_word' id='word_1_151' title='bbox 2247 1816 2307 1867; x_wconf 89' lang='lat' dir='ltr'>at</span> <span class='ocrx_word' id='word_1_152' title='bbox 2341 1822 2440 1891; x_wconf 92' lang='lat' dir='ltr'>qu</span> <span class='ocrx_word' id='word_1_153' title='bbox 2569 1801 2655 1872; x_wconf 89' lang='lat' dir='ltr'>ait</span> <span class='ocrx_word' id='word_1_154' title='bbox 2702 1824 2843 1898; x_wconf 88' lang='lat' dir='ltr'>mag</span> 
     </span>
     <span class='ocr_line' id='line_1_19' title="bbox 602 1893 2845 1993; baseline 0.001 -28"><span class='ocrx_word' id='word_1_155' title='bbox 602 1921 731 1973; x_wconf 70' lang='lat' dir='ltr'>,nus</span> <span class='ocrx_word' id='word_1_156' title='bbox 770 1898 1050 1992; x_wconf 85' lang='lat' dir='ltr'>Scaliger,</span> <span class='ocrx_word' id='word_1_157' title='bbox 1084 1928 1087 1935; x_wconf 96' lang='lat'>·</span> <span class='ocrx_word' id='word_1_158' title='bbox 1115 1895 1238 1987; x_wconf 87' lang='lat' dir='ltr'>jam</span> <span class='ocrx_word' id='word_1_159' title='bbox 1275 1921 1307 1964; x_wconf 90' lang='lat' dir='ltr'>a</span> <span class='ocrx_word' id='word_1_160' title='bbox 1343 1894 1519 1987; x_wconf 78' lang='lat' dir='ltr'>nobis</span> <span class='ocrx_word' id='word_1_161' title='bbox 1554 1893 1938 1988; x_wconf 87' lang='lat' dir='ltr'>intelligitur,</span> <span class='ocrx_word' id='word_1_162' title='bbox 2008 1917 2205 1989; x_wconf 88' lang='lat' dir='ltr'>neque</span> <span class='ocrx_word' id='word_1_163' title='bbox 2242 1893 2512 1978; x_wconf 82' lang='lat' dir='ltr'>proinde</span> <span class='ocrx_word' id='word_1_164' title='bbox 2551 1898 2845 1993; x_wconf 86' lang='lat' dir='ltr'>negligen</span> 
     </span>
     <span class='ocr_line' id='line_1_20' title="bbox 612 1986 2836 2086; baseline 0 -24"><span class='ocrx_word' id='word_1_165' title='bbox 612 1990 732 2062; x_wconf 86' lang='lat' dir='ltr'>dus</span> <span class='ocrx_word' id='word_1_166' title='bbox 760 2016 790 2060; x_wconf 92' lang='lat' dir='ltr'>a</span> <span class='ocrx_word' id='word_1_167' title='bbox 828 2016 1167 2086; x_wconf 89' lang='lat' dir='ltr'>quoquam.</span> <span class='ocrx_word' id='word_1_168' title='bbox 1255 1994 1464 2062; x_wconf 89' lang='lat' dir='ltr'>Eccur</span> <span class='ocrx_word' id='word_1_169' title='bbox 1502 1991 1667 2061; x_wconf 89' lang='lat' dir='ltr'>enim</span> <span class='ocrx_word' id='word_1_170' title='bbox 1698 1990 1776 2058; x_wconf 85' lang='lat' dir='ltr'>ita</span> <span class='ocrx_word' id='word_1_171' title='bbox 1810 1991 2082 2065; x_wconf 87' lang='lat' dir='ltr'>laudatus</span> <span class='ocrx_word' id='word_1_172' title='bbox 2118 1986 2326 2061; x_wconf 83' lang='lat' dir='ltr'>fuiffet</span> <span class='ocrx_word' id='word_1_173' title='bbox 2369 2013 2405 2058; x_wconf 89' lang='lat' dir='ltr'>a</span> <span class='ocrx_word' id='word_1_174' title='bbox 2454 1993 2717 2064; x_wconf 63' lang='lat' dir='ltr'>summis</span> <span class='ocrx_word' id='word_1_175' title='bbox 2743 1994 2836 2063; x_wconf 94' lang='lat' dir='ltr'>Vi</span> 
     </span>
     <span class='ocr_line' id='line_1_21' title="bbox 614 2077 2845 2182; baseline 0 -25"><span class='ocrx_word' id='word_1_176' title='bbox 614 2087 695 2157; x_wconf 89' lang='lat' dir='ltr'>ris</span> <span class='ocrx_word' id='word_1_177' title='bbox 729 2087 849 2166; x_wconf 90' lang='lat' dir='ltr'>ille,</span> <span class='ocrx_word' id='word_1_178' title='bbox 899 2084 946 2155; x_wconf 88' lang='lat' dir='ltr'>fi</span> <span class='ocrx_word' id='word_1_179' title='bbox 985 2112 1096 2158; x_wconf 93' lang='lat' dir='ltr'>nec</span> <span class='ocrx_word' id='word_1_180' title='bbox 1117 2086 1235 2181; x_wconf 87' lang='lat' dir='ltr'>legi</span> <span class='ocrx_word' id='word_1_181' title='bbox 1268 2085 1494 2182; x_wconf 84' lang='lat' dir='ltr'>dignus</span> <span class='ocrx_word' id='word_1_182' title='bbox 1519 2084 1708 2156; x_wconf 58' lang='lat' dir='ltr'>effeti!</span> <span class='ocrx_word' id='word_1_183' title='bbox 1762 2087 1984 2158; x_wconf 89' lang='lat' dir='ltr'>Testes</span> <span class='ocrx_word' id='word_1_184' title='bbox 2021 2077 2407 2156; x_wconf 82' lang='lat' dir='ltr'>fint‘Euseb.</span> <span class='ocrx_word' id='word_1_185' title='bbox 2460 2088 2560 2159; x_wconf 87' lang='lat' dir='ltr'>D.</span> <span class='ocrx_word' id='word_1_186' title='bbox 2602 2089 2845 2160; x_wconf 90' lang='lat' dir='ltr'>Hieron</span> 
     </span>
     <span class='ocr_line' id='line_1_22' title="bbox 614 2180 2826 2282; baseline 0.002 -29"><span class='ocrx_word' id='word_1_187' title='bbox 614 2186 682 2253; x_wconf 85' lang='lat' dir='ltr'>S.</span> <span class='ocrx_word' id='word_1_188' title='bbox 719 2180 1014 2282; x_wconf 73' lang='lat' dir='ltr'>August.</span> <span class='ocrx_word' id='word_1_189' title='bbox 1085 2183 1367 2264; x_wconf 67' lang='lat' dir='ltr'>Lactant.</span> <span class='ocrx_word' id='word_1_190' title='bbox 1427 2182 1796 2270; x_wconf 83' lang='lat' dir='ltr'>Quintilian.</span> <span class='ocrx_word' id='word_1_191' title='bbox 1844 2189 1914 2254; x_wconf 73' lang='grc' dir='ltr'>δε</span> <span class='ocrx_word' id='word_1_192' title='bbox 1963 2183 2060 2254; x_wconf 89' lang='lat' dir='ltr'>alii</span> <span class='ocrx_word' id='word_1_193' title='bbox 2108 2203 2296 2274; x_wconf 88' lang='lat' dir='ltr'>prope</span> <span class='ocrx_word' id='word_1_194' title='bbox 2345 2180 2711 2266; x_wconf 82' lang='lat' dir='ltr'>innumeri3</span> <span class='ocrx_word' id='word_1_195' title='bbox 2794 2207 2826 2257; x_wconf 89' lang='lat' dir='ltr'>e</span> 
     </span>
     <span class='ocr_line' id='line_1_23' title="bbox 614 2276 2842 2372; baseline 0.001 -23"><span class='ocrx_word' id='word_1_196' title='bbox 614 2282 820 2352; x_wconf 88' lang='lat' dir='ltr'>Poetis</span> <span class='ocrx_word' id='word_1_197' title='bbox 844 2300 1043 2351; x_wconf 82' lang='lat' dir='ltr'>autem</span> <span class='ocrx_word' id='word_1_198' title='bbox 1077 2284 1384 2357; x_wconf 82' lang='lat' dir='ltr'>Lucanus,</span> <span class='ocrx_word' id='word_1_199' title='bbox 1428 2278 1543 2372; x_wconf 87' lang='lat' dir='ltr'>qui</span> <span class='ocrx_word' id='word_1_200' title='bbox 1574 2278 1788 2371; x_wconf 88' lang='lat' dir='ltr'>pariter</span> <span class='ocrx_word' id='word_1_201' title='bbox 1818 2302 1888 2350; x_wconf 91' lang='lat' dir='ltr'>ut</span> <span class='ocrx_word' id='word_1_202' title='bbox 1912 2276 2143 2350; x_wconf 75' lang='lat' dir='ltr'>Persius</span> <span class='ocrx_word' id='word_1_203' title='bbox 2164 2279 2447 2347; x_wconf 91' lang='lat' dir='ltr'>Cornuti</span> <span class='ocrx_word' id='word_1_204' title='bbox 2484 2280 2740 2354; x_wconf 89' lang='lat' dir='ltr'>auditor</span> <span class='ocrx_word' id='word_1_205' title='bbox 2771 2281 2842 2352; x_wconf 87' lang='lat' dir='ltr'>fu</span> 
     </span>
     <span class='ocr_line' id='line_1_24' title="bbox 612 2372 2840 2470; baseline 0.001 -28"><span class='ocrx_word' id='word_1_206' title='bbox 612 2374 689 2448; x_wconf 84' lang='lat' dir='ltr'>ir,</span> <span class='ocrx_word' id='word_1_207' title='bbox 737 2377 866 2469; x_wconf 85' lang='lat' dir='ltr'>ejus</span> <span class='ocrx_word' id='word_1_208' title='bbox 902 2396 1104 2447; x_wconf 82' lang='lat' dir='ltr'>autem</span> <span class='ocrx_word' id='word_1_209' title='bbox 1140 2382 1419 2445; x_wconf 90' lang='lat' dir='ltr'>Poemata</span> <span class='ocrx_word' id='word_1_210' title='bbox 1465 2385 1782 2467; x_wconf 89' lang='lat' dir='ltr'>nunquam</span> <span class='ocrx_word' id='word_1_211' title='bbox 1828 2372 1957 2446; x_wconf 85' lang='lat' dir='ltr'>fine</span> <span class='ocrx_word' id='word_1_212' title='bbox 1990 2372 2385 2456; x_wconf 85' lang='lat' dir='ltr'>admiratione</span> <span class='ocrx_word' id='word_1_213' title='bbox 2423 2378 2514 2443; x_wconf 69' lang='grc' dir='ltr'>δι’</span> <span class='ocrx_word' id='word_1_214' title='bbox 2543 2378 2840 2470; x_wconf 77' lang='lat' dir='ltr'>proeconii</span> 
     </span>
     <span class='ocr_line' id='line_1_25' title="bbox 569 2465 2824 2564; baseline 0.002 -26"><span class='ocrx_word' id='word_1_215' title='bbox 569 2552 578 2563; x_wconf 28' lang='lat'><strong><em>⁹</em></strong></span> <span class='ocrx_word' id='word_1_216' title='bbox 612 2471 849 2543; x_wconf 87' lang='lat' dir='ltr'>recitari</span> <span class='ocrx_word' id='word_1_217' title='bbox 892 2469 1198 2548; x_wconf 81' lang='lat' dir='ltr'>audiebat,</span> <span class='ocrx_word' id='word_1_218' title='bbox 1240 2492 1310 2540; x_wconf 89' lang='lat' dir='ltr'>ut</span> <span class='ocrx_word' id='word_1_219' title='bbox 1353 2465 1852 2543; x_wconf 68' lang='lat' dir='ltr'>affirmat&#39;Vetus</span> <span class='ocrx_word' id='word_1_220' title='bbox 1895 2477 2222 2564; x_wconf 83' lang='lat' dir='ltr'>Interpres,</span> <span class='ocrx_word' id='word_1_221' title='bbox 2264 2466 2428 2562; x_wconf 89' lang='lat' dir='ltr'>quin</span> <span class='ocrx_word' id='word_1_222' title='bbox 2490 2475 2824 2543; x_wconf 84' lang='lat' dir='ltr'>exclamare</span> 
     </span>
     <span class='ocr_line' id='line_1_26' title="bbox 611 2562 2846 2667; baseline 0.002 -34"><span class='ocrx_word' id='word_1_223' title='bbox 611 2563 753 2637; x_wconf 86' lang='lat' dir='ltr'>haec</span> <span class='ocrx_word' id='word_1_224' title='bbox 808 2592 944 2640; x_wconf 88' lang='lat' dir='ltr'>vera</span> <span class='ocrx_word' id='word_1_225' title='bbox 979 2565 1093 2637; x_wconf 84' lang='lat' dir='ltr'>esse</span> <span class='ocrx_word' id='word_1_226' title='bbox 1142 2572 1439 2644; x_wconf 88' lang='lat' dir='ltr'>Poemata.</span> <span class='ocrx_word' id='word_1_227' title='bbox 1533 2563 1826 2636; x_wconf 81' lang='lat' dir='ltr'>Martialis</span> <span class='ocrx_word' id='word_1_228' title='bbox 1857 2590 2060 2639; x_wconf 86' lang='lat' dir='ltr'>autern</span> <span class='ocrx_word' id='word_1_229' title='bbox 2097 2562 2442 2661; x_wconf 81' lang='lat' dir='ltr'>posteritati</span> <span class='ocrx_word' id='word_1_230' title='bbox 2482 2566 2846 2667; x_wconf 83' lang='lat' dir='ltr'>consignavi</span> 
     </span>
     <span class='ocr_line' id='line_1_27' title="bbox 611 2656 2710 2738; baseline -0.001 -6"><span class='ocrx_word' id='word_1_231' title='bbox 611 2663 802 2738; x_wconf 84' lang='lat' dir='ltr'>Persii</span> <span class='ocrx_word' id='word_1_232' title='bbox 848 2663 1205 2736; x_wconf 86' lang='lat' dir='ltr'>memoriam</span> <span class='ocrx_word' id='word_1_233' title='bbox 1234 2659 1325 2731; x_wconf 87' lang='lat' dir='ltr'>his</span> <span class='ocrx_word' id='word_1_234' title='bbox 1355 2656 1650 2732; x_wconf 81' lang='lat' dir='ltr'>Verfibus&#39;</span> <span class='ocrx_word' id='word_1_235' title='bbox 1692 2687 1710 2730; x_wconf 75' lang='lat' dir='ltr'>t</span> <span class='ocrx_word' id='word_1_236' title='bbox 2701 2683 2710 2692; x_wconf 61' lang='lat'><em>*</em></span> 
     </span>
    </p>
   </div>
   <div class='ocr_carea' id='block_1_5' title="bbox 944 2925 2429 3119">
    <p class='ocr_par' dir='ltr' id='par_1_6' title="bbox 944 2925 2429 3119">
     <span class='ocr_line' id='line_1_28' title="bbox 944 2925 2222 3024; baseline -0.001 -28"><span class='ocrx_word' id='word_1_237' title='bbox 944 2934 1142 3024; x_wconf 79' lang='lat' dir='ltr'>Saepius</span> <span class='ocrx_word' id='word_1_238' title='bbox 1180 2932 1240 2994; x_wconf 82' lang='lat' dir='ltr'>in</span> <span class='ocrx_word' id='word_1_239' title='bbox 1281 2925 1423 2996; x_wconf 87' lang='lat' dir='ltr'>libro</span> <span class='ocrx_word' id='word_1_240' title='bbox 1451 2946 1800 2998; x_wconf 81' lang='lat' dir='ltr'>memoratur</span> <span class='ocrx_word' id='word_1_241' title='bbox 1835 2932 2051 3017; x_wconf 66' lang='lat' dir='ltr'>Persius</span> <span class='ocrx_word' id='word_1_242' title='bbox 2092 2951 2222 3005; x_wconf 82' lang='lat' dir='ltr'>uno,</span> 
     </span>
     <span class='ocr_line' id='line_1_29' title="bbox 1052 3019 2429 3119; baseline 0.001 -29"><span class='ocrx_word' id='word_1_243' title='bbox 1052 3028 1263 3119; x_wconf 54' lang='lat' dir='ltr'>„Quam</span> <span class='ocrx_word' id='word_1_244' title='bbox 1298 3026 1436 3096; x_wconf 81' lang='lat' dir='ltr'>levis</span> <span class='ocrx_word' id='word_1_245' title='bbox 1479 3031 1539 3093; x_wconf 76' lang='lat' dir='ltr'>in</span> <span class='ocrx_word' id='word_1_246' title='bbox 1582 3044 1701 3095; x_wconf 80' lang='lat' dir='ltr'>tota</span> <span class='ocrx_word' id='word_1_247' title='bbox 1746 3027 1996 3118; x_wconf 71' lang='lat' dir='ltr'>Marssas</span> <span class='ocrx_word' id='word_1_248' title='bbox 2040 3019 2429 3096; x_wconf 67' lang='lat' dir='ltr'>Amazonide.</span> 
     </span>
    </p>
   </div>
   <div class='ocr_carea' id='block_1_6' title="bbox 2205 3536 2866 3618">
    <p class='ocr_par' dir='ltr' id='par_1_7' title="bbox 2205 3536 2866 3618">
     <span class='ocr_line' id='line_1_30' title="bbox 2205 3536 2866 3618; baseline 0.005 -6"><span class='ocrx_word' id='word_1_249' title='bbox 2205 3536 2866 3618; x_wconf 88' lang='lat' dir='ltr'><strong>TESTIMONIA</strong></span> 
     </span>
    </p>
   </div>
   <div class='ocr_carea' id='block_1_7' title="bbox 2861 0 2879 4436">
    <p class='ocr_par' dir='ltr' id='par_1_8' title="bbox 2861 0 2879 4436">
     <span class='ocr_line' id='line_1_31' title="bbox 2861 0 2879 4436; baseline 0 0"><span class='ocrx_word' id='word_1_250' title='bbox 2861 0 2879 4436; x_wconf 95' lang='lat' dir='ltr'> </span> 
     </span>
    </p>
   </div>
  </div>
 </body>
</html>
